/home/andrew/texmf/bibtex/bib/master.bib